%
% Modified by Sameer Vijay
% Last Change: Wed Jul 27 2005 13:00 CEST
%

@Book{howe2003,
author = "Howe, M. S.",
title = "Theory of Vortex Sound - Lighthill's Theory",
publisher = "Cambridge University Press",
year = "2003",
chapter = "2",
pages = "25-40"
}

@Misc{faa2015,
author = "Price, Henry J.",
title = "FAA Forecast Sees Continued, Steady Growth in Air Travel",
howpublished = "Website",
note = "\url{http://www.faa.gov}",
year = "2015"
}

@Article{correia2013,
author = "Correia, Andrew W and Peters, Junenette L and Levy, Jonathan I and Melly, Steven and Dominici, Francesca",
title = "Residential exposure to aircraft noise and hospital admissions for cardiovascular diseases: multi-airport retrospective study",
journal = "BMJ",
year = "2013",
volume = "347"
}

@TechReport{cap2014,
author = {{Environmental Research and Consultancy Department}},
title = "Aircraft Noise, Sleep Disturbance and Health Effects CAP 1164",
year = "2014",
month = "June"
}

@Article{dob2010,
author = "Werner Dobrzynski",
title = "Almost 40 Years of Airframe Noise Research: What Did We Achieve?",
journal = "Journal of Aircraft",
year = "2010",
volume = "47",
number = "2",
month = "April",
pages = "353-367"
}

@Article{gibson1974,
author = "John S. Gibson",
title = "Non-Engine aerodynamic noise investigation of a large aircraft.",
volume = "NASA CR-2377",
year = "1974"
}

@Article{busquin2001,
author = "M. A. Busquin",
title = "European Aeronautics: A vision for 2020, Meeting society's needs and winning global leadership",
year = "2001",
volume = "Rept. of the group of personalities, Advisory Council for Aeronautics Research in Europe",
month = "Jan"
}

@Article{dob2002,
author = "W. Dobrzynski and L. C. Chow and P. Guion and D. Shiells",
title = "Research into Landing gear airframe noise reduction",
volume = "AIAA/Conference European Aerospace Societies Paper 2002-2409",
year = "2002",
month = "June"
}

@Article{ravetta2008,
author = "P. A. Ravetta and R. A. Burdisso and W. F. Ng",
title = "Noise control of landing gears using elastic membrane-based fairings",
volume = "AIAA/Conference European Aerospace Societies Paper 2007-3466",
year = "2007",
month = "May"
}

@Article{curle1955,
author = "N. Curle",
title = "The Influence of Solid Boundaries upon Aerodynamic Sound",
journal = "Proceedings of the Royal Society A: Mathematical and Physical Sciences",
year = "1955",
volume = "231",
number = "1187",
pages = "505-514"
}


@Book{hirschberg2004, 
author = "A. Hirschberg and S. W. Rienstra",
title = "An introduction to aeroacoustics",
publisher = "Eindhoven University of Technology",
year = "2004",
chapter = "4",
pages = "27-37"
}

@Article{lighthill1954,
author = "M. J. Lighthill",
title = "On Sound Generated Aerodynamically. II. Turbulence as a Source of Sound.",
journal = "Proceedings of the Royal Society A: Mathematical and Physical Sciences",
year = "1954",
volume = "222",
number = "1148",
pages = "1-32"
}

@Article{neuhart2009,
author = "D. H. Neuhart and M. R. Khorrami and M. M. Choudhari ",
title = "Aerodynamics of a Gulstream G550 Nose Landing Gear Model",
volume = "15th AIAA/CEAS Aeroacoustics Conference AIAA Paper 2009-3152",
year = "2009"
}

@Book{g550uom,
author = {{Gulfstream Aerospace Corporation}},
title = "G-550 Aircraft Maintenance Manual",
year = "2014"
}

@Article{zawodny2009,
author = "N. S. Zawodny and F. Liu and T. Yardibi and L. Cattafesta and D. H. Neuhart and T. {{Van de Ven}}",
title = "A Comparative Study of a 1/4-scale Gulfstream Aircraft Nose Gear Model.",
volume = "15th AIAA/CEAS Aeroacoustics Conference AIAA Paper 2009-3153",
year = "2009"
}

@Article{guo2006,
author = "Y. Guo and R. Stoker and K. Yamamoto",
title = "Experimental Study on Aircraft Landing Gear Noise",
journal = "Journal of Aircraft",
year = "2009",
volume = "43",
number = "2",
pages = "306-317"
}

@Article{huang2010,
author = "X. Huang and X. Zhang and Y. Li",
title = "Broadband flow-induced sound control using plasma actuators",
journal = "Journal of Sound and Vibration",
year = "2010",
volume = "329",
number = "13",
pages = "2477-2489"
}

@Article{kozlov2011,
author = "A. V. Kozlov and F. O. Thomas",
title = "Bluff-Body Flow Control via Two Types of Dielectric Barrier Discharge Plasma Actuation",
journal = "AIAA Journal",
year = "2011",
volume = "49",
number = "9",
pages = "1919-1931"
}

@Article{kozlov20112,
author = "A. V. Kozlov and F. O. Thomas",
title = "Plasma Flow Control of Cylinders in a Tandem Configuration",
journal = "AIAA Journal",
year = "2011",
volume = "49",
number = "10",
pages = "2183-2193"
}

@Article{eltaweel2014,
author = "A. Eltaweel and M. Wang and D. Kim and F. O. Thomas and A. Kozlov",
title = "Numerical Investigation of Tandem-Cylinder Noise Reduction using Plasma-Based Flow Control",
journal = "J. Fluid Mech",
year = "2014",
volume = "756",
pages = "422-451"
}

@Article{zdravkovich1985,
author = "M. M. Zdravkovich",
title = "Flow Induced Oscillations of Two Interfering Circular Cylinders",
journal = "Journal of Sound and Vibration",
year = "1985",
volume = "101",
number = "4",
pages = "511-521"
}

@Article{kim2009,
author = "D. Kim and M. Wang",
title = "Large Eddy Simulations of Flow Over a Circular Cylinder with Plasma Based Control",
year = "2009",
volume = "47th AIAA Aerospace Sciences Meeting AIAA Paper 2009-1080"
}

@Article{khorrami2005,
author = "M. R. Khorrami and M. M. Choudhari and L. N. Jenkins and C. B. McGinley",
title = "Unsteady Flowfield Around Tandem Cylinders as Prototype for Component Interaction Airframe Noise",
year = "2005",
volume = "11th AIAA/CEAS Aeroacoustics Conference AIAA Paper 2005-2866"
}

%@Book{gnus98:_gerry_ganst,
%  title = 	 "Gnus and You: The Art of Being New",
%  author = 	 "Gerry Ganston and Gary Greenfield",
%  publisher = 	 "Grapping Books, NY",
%  year = 	 "1998",
%  volume =	 "I",
%  month =	 "August",
%}
%
%@PhdThesis{greenfield96:_gettin_know_gnu,
%  author = 	 "Gary Greenfield",
%  title = 	 "Getting to Know Gnu",
%  school = 	 "Geoffrey Garfield School of Gnus",
%  year = 	 "1996",
%  month =	 "August"
%}
%
%@Article{gloonson98:_gnuly_discov_gnus,
%  author =	 "Gina Gloonston",
%  title = 	 "Newly Discovered Gnus: The {L}o{G}",
%  journal = 	 "Growing Towards Gnu",
%  year = 	 "1998",
%  volume =	 "II",
%  number =	 "12",
%  month =	 "March",
%  pages =	 "23-57"
%}
%
%
%@Article{galmira98:_gnus_milit,
%  author = 	 "Gohnny Galmira",
%  title = 	 "Gnus and the Military -- A Secret Conspiracy?",
%  journal = 	 "Growing Towards Gnu",
%  year = 	 "1998",
%  volume =	 "III",
%  number =	 "7",
%  pages =	 "22-183",
%  month =	 "September"
%}
%
%@Misc{gairley2000,
%   author =       "Grog van Gairley",
%   title =        "Gnu's Review",
%   howpublished = "Website",
%   note =         "\url{http://www.gairley.gnu}",
%   year =         "2000",
%}
